@article{vattani2009hardness,
  title={The hardness of k-means clustering in the plane},
  author={Vattani, Andrea},
  journal={Manuscript, accessible at http://cseweb. ucsd. edu/avattani/papers/kmeans\_hardness. pdf},
  volume={617},
  year={2009}
}

@inproceedings{ashtiani2015dimension,
  title={A Dimension-Independent Generalization Bound for Kernel Supervised Principal Component Analysis},
  author={Ashtiani, Hassan and Ghodsi, Ali},
  booktitle={Proceedings of The 1st International Workshop on “Feature Extraction: Modern Questions and Challenges”, NIPS},
  pages={19--29},
  year={2015}
}

@article{awasthi2012center,
  title={Center-based clustering under perturbation stability},
  author={Awasthi, Pranjal and Blum, Avrim and Sheffet, Or},
  journal={Information Processing Letters},
  volume={112},
  number={1},
  pages={49--54},
  year={2012},
  publisher={Elsevier}
}

@article{ben2014data,
  title={Data stability in clustering: A closer look},
  author={Ben-David, Shalev and Reyzin, Lev},
  journal={Theoretical Computer Science},
  volume={558},
  pages={51--61},
  year={2014},
  publisher={Elsevier}
}

@incollection{balcan2012clustering,
  title={Clustering under perturbation resilience},
  author={Balcan, Maria Florina and Liang, Yingyu},
  booktitle={Automata, Languages, and Programming},
  pages={63--74},
  year={2012},
  publisher={Springer}
}


